
@online{openmp_openmp_2004,
	title = {{OpenMP}},
	url = {https://www.openmp.org/},
	abstract = {Latest News     
View Monthly Archives  Tweets by {OpenMP}\_ARB     Get all the latest {API} specifications, technical report drafts and proposals. All the latest books, examples and tutorials to start you on},
	titleaddon = {{OpenMP}},
	author = {{OpenMP}},
	urldate = {2020-11-01},
	date = {2004},
	langid = {british},
	file = {Snapshot:C\:\\Users\\Usuario\\Desktop\\coza miah\\zotero\\ZoteroStandalonePortable\\Data\\profile\\zotero\\storage\\3UVA5U6Y\\www.openmp.org.html:text/html}
}

@online{spi-inc_open_2004,
	title = {Open {MPI}: Open Source High Performance Computing},
	url = {https://www.open-mpi.org/},
	author = {{SPI-INC}},
	urldate = {2020-11-01},
	date = {2004},
	file = {Open MPI\: Open Source High Performance Computing:C\:\\Users\\Usuario\\Desktop\\coza miah\\zotero\\ZoteroStandalonePortable\\Data\\profile\\zotero\\storage\\W956JDJC\\www.open-mpi.org.html:text/html}
}

@online{weidendorfer_kcachegrind_2013,
	title = {{KCachegrind}},
	url = {https://kcachegrind.github.io/html/Home.html},
	author = {Weidendorfer, Josef},
	urldate = {2020-11-22},
	date = {2013},
	file = {KCachegrind:C\:\\Users\\Usuario\\Desktop\\coza miah\\zotero\\ZoteroStandalonePortable\\Data\\profile\\zotero\\storage\\ENIY62YW\\Home.html:text/html}
}